<?xml version="1.0" encoding="UTF-8"?><collection xmlns="http://www.loc.gov/MARC21/slim"><record><leader>00731nam--2200193-i-4500</leader><controlfield tag="001">000015899</controlfield><controlfield tag="002">20161230</controlfield><controlfield tag="005">20161230201031</controlfield><controlfield tag="008">060222s1000------------r-----000-0-eng-d</controlfield><datafield ind1=" " ind2=" " tag="040"><subfield code="a">IFIN-HH</subfield></datafield><datafield ind1=" " ind2=" " tag="080"><subfield code="a">621.375.826(061.3)</subfield></datafield><datafield ind1="1" ind2=" " tag="100"><subfield code="a">Lapp, Marshall /S.A.</subfield></datafield><datafield ind1="1" ind2="0" tag="245"><subfield code="a">Advances in laser science - ii. proceedings of the second international laser science conference. seattle, wa 1986. aip conference proceedings, number 160</subfield><subfield code="c">Marshall lap, william c. stwalley, geraldine a. kenney-wallace (eds.)</subfield></datafield><datafield ind1=" " ind2=" " tag="260"><subfield code="a">New York</subfield><subfield code="b">American Institute Of Physics</subfield><subfield code="c">1987</subfield></datafield><datafield ind1=" " ind2=" " tag="300"><subfield code="a">737 P</subfield></datafield><datafield ind1=" " ind2=" " tag="490"><subfield code="a">Aip Conference Proceedings, 160</subfield></datafield><datafield ind1="1" ind2=" " tag="700"><subfield code="a">Kenney-wallace, Geraldine A</subfield><subfield code="e">Ed</subfield></datafield><datafield ind1=" " ind2=" " tag="852"><subfield code="a">37027</subfield><subfield code="c">53</subfield></datafield><datafield ind1=" " ind2=" " tag="CAT"><subfield code="a">Sys</subfield><subfield code="c">20150316</subfield><subfield code="h">091939</subfield></datafield></record></collection>